<record><leader>00000cas a22000007a 4500</leader><controlfield tag="001">9753132</controlfield><controlfield tag="008">830729c19069999ohuwr ne      0    0eng d</controlfield><controlfield tag="009">3783</controlfield><datafield ind1=" " ind2=" " tag="010"><subfield code="a">sn 83035370 </subfield></datafield><datafield ind1=" " ind2=" " tag="040"><subfield code="a">NPY</subfield><subfield code="b">eng</subfield><subfield code="c">NPY</subfield><subfield code="d">ONP</subfield></datafield><datafield ind1="1" ind2=" " tag="029"><subfield code="a">AU@</subfield><subfield code="b">000025840940</subfield></datafield><datafield ind1=" " ind2=" " tag="042"><subfield code="a">msc</subfield></datafield><datafield ind1="0" ind2="4" tag="245"><subfield code="a">The Free press-standard.</subfield></datafield><datafield ind1="1" ind2="0" tag="246"><subfield code="a">Free press standard</subfield></datafield><datafield ind1=" " ind2=" " tag="260"><subfield code="a">Carrollton, Ohio :</subfield><subfield code="b">Standard Pub. Co.,</subfield><subfield code="c">1906-</subfield></datafield><datafield ind1=" " ind2=" " tag="300"><subfield code="a">v. :</subfield><subfield code="b">ill. ;</subfield><subfield code="c">59 cm.</subfield></datafield><datafield ind1=" " ind2=" " tag="310"><subfield code="a">Weekly</subfield></datafield><datafield ind1="0" ind2=" " tag="362"><subfield code="a">Vol. 75, no. 11 (Mar. 16, 1906)-</subfield></datafield><datafield ind1=" " ind2=" " tag="500"><subfield code="a">"Republican, 1906-1971; Independent, 1972-    ". Cf. Gutgesell, S.  Guide to Ohio newspapers, 1974.</subfield></datafield><datafield ind1=" " ind2=" " tag="752"><subfield code="a">United States</subfield><subfield code="b">Ohio</subfield><subfield code="c">Carroll</subfield><subfield code="d">Carrollton.</subfield></datafield><datafield ind1="0" ind2="4" tag="780"><subfield code="t">Carroll free press</subfield><subfield code="c">(Carrollton, Ohio : 1869)</subfield><subfield code="w">(DLC)sn 83035369</subfield></datafield><datafield ind1="0" ind2="4" tag="780"><subfield code="t">Republican-standard (Carrollton, Ohio)</subfield><subfield code="w">(DLC)sn 83035373</subfield></datafield><datafield ind1="0" ind2="5" tag="780"><subfield code="t">Carroll journal (Carrollton, Ohio)</subfield><subfield code="w">(DLC)sn 83035371</subfield></datafield></record>